<?xml version="1.0" encoding="UTF-8"?><collection xmlns="http://www.loc.gov/MARC21/slim"><record><leader>00561nam--2200181-i-4500</leader><controlfield tag="001">000029492</controlfield><controlfield tag="002">20161230</controlfield><controlfield tag="005">20161230201037</controlfield><controlfield tag="008">060222s1000------------r-----000-0-fre-d</controlfield><datafield ind1=" " ind2=" " tag="040"><subfield code="a">IFIN-HH</subfield></datafield><datafield ind1=" " ind2=" " tag="041"><subfield code="a">fre</subfield></datafield><datafield ind1=" " ind2=" " tag="080"><subfield code="a">539.125.4</subfield></datafield><datafield ind1="1" ind2=" " tag="100"><subfield code="a">Lorstad, Bengt Gunnar</subfield></datafield><datafield ind1="1" ind2="0" tag="245"><subfield code="a">Etude des annihilations antiproton-proton a 700 mev/c du type: p p k k n n=0,1,2,3</subfield><subfield code="b">These</subfield><subfield code="c">Bengt gunnar lorstad</subfield></datafield><datafield ind1=" " ind2=" " tag="260"><subfield code="a">Orsay</subfield><subfield code="b">Faculte Des Sciences D`Orsay, Universite De Paris</subfield><subfield code="c">1969</subfield></datafield><datafield ind1=" " ind2=" " tag="300"><subfield code="a">107P.+ 6 FIG</subfield></datafield><datafield ind1=" " ind2=" " tag="852"><subfield code="a">33555</subfield><subfield code="c">539.12</subfield></datafield><datafield ind1=" " ind2=" " tag="CAT"><subfield code="a">Sys</subfield><subfield code="c">20111121</subfield><subfield code="h">122042</subfield></datafield></record></collection>